<record><leader>00000cas a2200000 a 4500</leader><controlfield tag="001">6311067</controlfield><controlfield tag="008">800513d19021917nyuwr ne      0    0eng d</controlfield><datafield ind1=" " ind2=" " tag="010"><subfield code="a">sn 84031547 </subfield></datafield><datafield ind1=" " ind2=" " tag="040"><subfield code="a">ZEM</subfield><subfield code="b">eng</subfield><subfield code="c">ZEM</subfield><subfield code="d">NYG</subfield><subfield code="d">NPX</subfield><subfield code="d">NYS</subfield><subfield code="d">OCL</subfield><subfield code="d">OCLCQ</subfield><subfield code="d">OCLCF</subfield><subfield code="d">OCLCO</subfield></datafield><datafield ind1=" " ind2=" " tag="042"><subfield code="a">msc</subfield></datafield><datafield ind1=" " ind2=" " tag="045"><subfield code="a">y0y1</subfield></datafield><datafield ind1="0" ind2="0" tag="245"><subfield code="a">Geneva advertiser-gazette.</subfield></datafield><datafield ind1="0" ind2="3" tag="246"><subfield code="a">Geneva advertiser gazette</subfield></datafield><datafield ind1="0" ind2="3" tag="246"><subfield code="a">Advertiser gazette</subfield></datafield><datafield ind1=" " ind2=" " tag="260"><subfield code="a">Geneva, N.Y. :</subfield><subfield code="b">Edgar Parker,</subfield><subfield code="c">1902-</subfield></datafield><datafield ind1=" " ind2=" " tag="300"><subfield code="a">v. :</subfield><subfield code="b">ill. ;</subfield><subfield code="c">68 cm.</subfield></datafield><datafield ind1=" " ind2=" " tag="310"><subfield code="a">Weekly</subfield></datafield><datafield ind1="0" ind2=" " tag="362"><subfield code="a">Vol. 22, no. 11 (Mar. 18, 1902)-</subfield></datafield><datafield ind1="1" ind2=" " tag="362"><subfield code="a">Ceased with Aug. 31, 1917 issue.</subfield></datafield><datafield ind1=" " ind2=" " tag="500"><subfield code="a">Editor: Edgar Parker, &lt;1902&gt;.</subfield></datafield><datafield ind1=" " ind2="4" tag="651"><subfield code="a">Geneva (N.Y.)</subfield><subfield code="v">Newspapers.</subfield></datafield><datafield ind1=" " ind2="0" tag="651"><subfield code="a">Geneva (N.Y.)</subfield><subfield code="v">Periodicals.</subfield></datafield><datafield ind1=" " ind2="7" tag="655"><subfield code="a">Periodicals.</subfield><subfield code="2">fast</subfield><subfield code="0">(OCoLC)fst01411641</subfield></datafield><datafield ind1=" " ind2="7" tag="651"><subfield code="a">New York (State)</subfield><subfield code="z">Geneva.</subfield><subfield code="2">fast</subfield><subfield code="0">(OCoLC)fst01202948</subfield></datafield><datafield ind1=" " ind2=" " tag="752"><subfield code="a">United States</subfield><subfield code="b">New York</subfield><subfield code="c">Ontario</subfield><subfield code="d">Geneva.</subfield></datafield><datafield ind1="0" ind2="4" tag="780"><subfield code="t">Geneva advertiser (Geneva, N.Y. : 1880)</subfield><subfield code="w">(DLC)sn 84031546</subfield></datafield><datafield ind1="0" ind2="4" tag="780"><subfield code="t">Tri-weekly gazette (Geneva, N.Y.)</subfield><subfield code="w">(DLC)sn 88074669</subfield><subfield code="w">(OCoLC)18346950</subfield></datafield></record>